@Book{xie2015,
  title = {Dynamic Documents with {R} and knitr},
  author = {Yihui Xie},
  publisher = {Chapman and Hall/CRC},
  address = {Boca Raton, Florida},
  year = {2015},
  edition = {2nd},
  note = {ISBN 978-1498716963},
  url = {http://yihui.org/knitr/},
}

@Book{venero,
  title = {Dynamic Documents with {R} and knitr},
  author = {Yihui Xie},
  publisher = {Chapman and Hall/CRC},
  address = {Boca Raton, Florida},
  year = {2015},
  edition = {2nd},
  note = {ISBN 978-1498716963},
  url = {http://yihui.org/knitr/},
}

@article{vincze2014college,
  title={College Geometry},
  author={Vincze, Csaba and Kozma, L{\'a}szl{\'o}},
  year={2014}
}


@book{leithold1990calculus,
  title={The calculus of a single variable with analytic geometry},
  author={Leithold, Louis},
  year={1990},
  publisher={Harper \& Row}
}